<record><leader>00000cas a2200000 a 4500</leader><controlfield tag="001">37379458</controlfield><controlfield tag="008">970729d192u1929orudn ne      0    0eng c</controlfield><datafield ind1=" " ind2=" " tag="010"><subfield code="a">sn 96088444 </subfield></datafield><datafield ind1=" " ind2=" " tag="040"><subfield code="a">OCN</subfield><subfield code="b">eng</subfield><subfield code="c">OCN</subfield><subfield code="d">OCLCQ</subfield><subfield code="d">OCLCF</subfield><subfield code="d">OCLCO</subfield></datafield><datafield ind1="1" ind2=" " tag="029"><subfield code="a">AU@</subfield><subfield code="b">000013408267</subfield></datafield><datafield ind1=" " ind2=" " tag="042"><subfield code="a">pcc</subfield></datafield><datafield ind1=" " ind2=" " tag="043"><subfield code="a">n-us-or</subfield></datafield><datafield ind1="0" ind2="0" tag="245"><subfield code="a">Southwestern Oregon daily news.</subfield></datafield><datafield ind1="1" ind2="3" tag="246"><subfield code="a">Daily news</subfield></datafield><datafield ind1="3" ind2=" " tag="246"><subfield code="a">South western Oregon Daily news</subfield></datafield><datafield ind1=" " ind2=" " tag="260"><subfield code="a">Marshfield, Or. :</subfield><subfield code="b">News Pub. Co.,</subfield><subfield code="c">-1929.</subfield></datafield><datafield ind1=" " ind2=" " tag="300"><subfield code="a">v.</subfield></datafield><datafield ind1=" " ind2=" " tag="310"><subfield code="a">Daily (except Sun. and holidays)</subfield></datafield><datafield ind1="0" ind2=" " tag="362"><subfield code="a">-v. 19, no. 201 (July 6, 1929).</subfield></datafield><datafield ind1=" " ind2=" " tag="500"><subfield code="a">1924-1925 includes newspaper published during school terms by North Bend high school students.</subfield></datafield><datafield ind1=" " ind2=" " tag="500"><subfield code="a">1923-1928 includes newspaper published during school terms by Marshfield high school students.</subfield></datafield><datafield ind1=" " ind2=" " tag="588"><subfield code="a">Description based on: Vol. 11, no. 48 (Jan. 2, 1922).</subfield></datafield><datafield ind1=" " ind2="0" tag="651"><subfield code="a">Coos Bay (Or.)</subfield><subfield code="v">Newspapers.</subfield></datafield><datafield ind1=" " ind2="7" tag="655"><subfield code="a">Newspapers.</subfield><subfield code="2">fast</subfield><subfield code="0">(OCoLC)fst01423814</subfield></datafield><datafield ind1=" " ind2="7" tag="651"><subfield code="a">Oregon</subfield><subfield code="z">Coos Bay.</subfield><subfield code="2">fast</subfield><subfield code="0">(OCoLC)fst01226324</subfield></datafield><datafield ind1="0" ind2="2" tag="740"><subfield code="a">North Bend high news.</subfield></datafield><datafield ind1="0" ind2="2" tag="740"><subfield code="a">Purple and gold.</subfield></datafield><datafield ind1=" " ind2=" " tag="752"><subfield code="a">United States</subfield><subfield code="b">Oregon</subfield><subfield code="c">Coos</subfield><subfield code="d">Coos Bay.</subfield></datafield><datafield ind1="0" ind2="0" tag="780"><subfield code="t">Evening record (Marshfield, Or.)</subfield><subfield code="w">(DLC)sn 96088443</subfield></datafield><datafield ind1="0" ind2="0" tag="785"><subfield code="t">Southwestern Oregon news</subfield><subfield code="w">(DLC)sn 96088032</subfield></datafield></record>